<?xml version="1.0" encoding="UTF-8"?>
<OAI-PMH xmlns="http://www.openarchives.org/OAI/2.0/" xmlns:xsi="http://www.w3.org/2001/XMLSchema-instance" xsi:schemaLocation="http://www.openarchives.org/OAI/2.0/ http://www.openarchives.org/OAI/2.0/OAI-PMH.xsd">
  <ListRecords>
    <record>
      <header>
        <identifier>aleph-publish:001792011</identifier>
      </header>
      <metadata>
        <record xmlns="http://www.ddb.de/professionell/mabxml/mabxml-1.xsd">
          <leader>00000nM2.01200024------h</leader>
          <controlfield tag="LDR">00000nM2.01200024------h</controlfield>
          <controlfield tag="FMT">MH</controlfield>
          <datafield tag="001" ind1="-" ind2="1">
            <subfield code="a">HT017896505</subfield>
          </datafield>
          <datafield tag="002" ind1="b" ind2="1">
            <subfield code="a">20131120</subfield>
          </datafield>
          <datafield tag="003" ind1="-" ind2="1">
            <subfield code="a">20160201</subfield>
          </datafield>
          <datafield tag="020" ind1="a" ind2="1">
            <subfield code="a">1043657045</subfield>
            <subfield code="b">DNB</subfield>
          </datafield>
          <datafield tag="025" ind1="a" ind2="1">
            <subfield code="a">1043657045</subfield>
          </datafield>
          <datafield tag="026" ind1="-" ind2="1">
            <subfield code="a">DNB1043657045</subfield>
          </datafield>
          <controlfield tag="030">a||dr||||||37</controlfield>
          <datafield tag="036" ind1="a" ind2="1">
            <subfield code="a">XA-DE-BY</subfield>
          </datafield>
          <datafield tag="037" ind1="b" ind2="1">
            <subfield code="a">ger</subfield>
          </datafield>
          <controlfield tag="050">a|a|||||||||||</controlfield>
          <controlfield tag="051">m|||||||</controlfield>
          <datafield tag="060" ind1="-" ind2="1">
            <subfield code="b">txt</subfield>
            <subfield code="a">Text</subfield>
          </datafield>
          <datafield tag="061" ind1="-" ind2="1">
            <subfield code="b">n</subfield>
            <subfield code="a">ohne Hilfsmittel zu benutzen</subfield>
          </datafield>
          <datafield tag="062" ind1="-" ind2="1">
            <subfield code="b">nc</subfield>
          </datafield>
          <datafield tag="070" ind1="-" ind2="1">
            <subfield code="a">6/016</subfield>
          </datafield>
          <datafield tag="070" ind1="a" ind2="1">
            <subfield code="a">DNB</subfield>
          </datafield>
          <datafield tag="070" ind1="b" ind2="1">
            <subfield code="a">1010</subfield>
          </datafield>
          <datafield tag="080" ind1="-" ind2="1">
            <subfield code="a">60</subfield>
          </datafield>
          <datafield tag="100" ind1="b" ind2="1">
            <subfield code="p">Auer-Reinsdorff, Astrid</subfield>
            <subfield code="d">1970-</subfield>
            <subfield code="9">(DE-588)124227589</subfield>
            <subfield code="4">aut</subfield>
            <subfield code="3">Verfasser</subfield>
            <subfield code="4">edt</subfield>
            <subfield code="3">Herausgeber</subfield>
          </datafield>
          <datafield tag="104" ind1="b" ind2="1">
            <subfield code="p">Conrad, Isabell</subfield>
            <subfield code="9">(DE-588)1049964438</subfield>
            <subfield code="4">aut</subfield>
            <subfield code="3">Verfasser</subfield>
            <subfield code="4">edt</subfield>
            <subfield code="3">Herausgeber</subfield>
          </datafield>
          <datafield tag="200" ind1="b" ind2="1">
            <subfield code="k">Deutscher Anwaltverein</subfield>
            <subfield code="b">Arbeitsgemeinschaft IT-Recht</subfield>
            <subfield code="9">(DE-588)1067272690</subfield>
            <subfield code="4">isb</subfield>
            <subfield code="3">Herausgebendes Organ</subfield>
          </datafield>
          <datafield tag="303" ind1="-" ind2="1">
            <subfield code="p">Auer-Reinsdorff, Astrid</subfield>
            <subfield code="d">1970-</subfield>
            <subfield code="t">Beck'sches Mandatshandbuch IT-Recht</subfield>
          </datafield>
          <datafield tag="331" ind1="-" ind2="1">
            <subfield code="a">Handbuch IT- und Datenschutzrecht</subfield>
          </datafield>
          <datafield tag="359" ind1="-" ind2="1">
            <subfield code="a">herausgegeben von Dr. Astrid Auer-Reinsdorff (Rechtsanwältin und Fachanwältin für Informationstechnologierecht in Berlin und Lissabon) und Isabell Conrad (Rechtsanwältin in München) ; in Zusammenarbeit mit davit</subfield>
          </datafield>
          <datafield tag="403" ind1="-" ind2="1">
            <subfield code="a">2. Auflage</subfield>
          </datafield>
          <datafield tag="419" ind1="-" ind2="1">
            <subfield code="a">München</subfield>
            <subfield code="b">C.H. Beck</subfield>
            <subfield code="c">2016</subfield>
          </datafield>
          <datafield tag="425" ind1="a" ind2="1">
            <subfield code="a">2016</subfield>
          </datafield>
          <datafield tag="433" ind1="-" ind2="1">
            <subfield code="a">LVI, 2599 Seiten</subfield>
          </datafield>
          <datafield tag="435" ind1="-" ind2="1">
            <subfield code="a">240 mm x 160 mm</subfield>
          </datafield>
          <datafield tag="540" ind1="a" ind2="1">
            <subfield code="a">978-3-406-66295-9</subfield>
            <subfield code="b">Gb. : EUR 329.00 (DE)</subfield>
          </datafield>
          <datafield tag="540" ind1="a" ind2="1">
            <subfield code="a">3-406-66295-1</subfield>
          </datafield>
          <datafield tag="574" ind1="-" ind2="1">
            <subfield code="a">13,N46</subfield>
          </datafield>
          <datafield tag="700" ind1="l" ind2="1">
            <subfield code="a">820</subfield>
          </datafield>
          <datafield tag="700" ind1="l" ind2="1">
            <subfield code="a">600</subfield>
          </datafield>
          <datafield tag="700" ind1="-" ind2="1">
            <subfield code="a">340</subfield>
            <subfield code="2">DNB</subfield>
          </datafield>
          <controlfield tag="SYS">001792011</controlfield>
          <datafield tag="PPE" ind1="-" ind2="1">
            <subfield code="p">Reinsdorff, Astrid Auer-</subfield>
            <subfield code="d">1970-</subfield>
            <subfield code="9">(DE-588)124227589</subfield>
          </datafield>
          <datafield tag="PPE" ind1="-" ind2="1">
            <subfield code="p">Auer-Reinsdorff, A.</subfield>
            <subfield code="d">1970-</subfield>
            <subfield code="9">(DE-588)124227589</subfield>
          </datafield>
          <datafield tag="PPE" ind1="-" ind2="1">
            <subfield code="p">Reinsdorff, Astrid A.-</subfield>
            <subfield code="d">1970-</subfield>
            <subfield code="9">(DE-588)124227589</subfield>
          </datafield>
          <datafield tag="PPE" ind1="-" ind2="1">
            <subfield code="p">Reinsdorff, A. A.-</subfield>
            <subfield code="d">1970-</subfield>
            <subfield code="9">(DE-588)124227589</subfield>
          </datafield>
          <datafield tag="PPE" ind1="-" ind2="1">
            <subfield code="p">Reinsdorff, A.</subfield>
            <subfield code="d">1970-</subfield>
            <subfield code="9">(DE-588)124227589</subfield>
          </datafield>
          <datafield tag="PPE" ind1="-" ind2="1">
            <subfield code="p">Reinsdorff, Astrid Auer-</subfield>
            <subfield code="d">1970-</subfield>
            <subfield code="9">(DE-588)124227589</subfield>
          </datafield>
          <datafield tag="PPE" ind1="-" ind2="1">
            <subfield code="p">Auer-Reinsdorff, A.</subfield>
            <subfield code="d">1970-</subfield>
            <subfield code="9">(DE-588)124227589</subfield>
          </datafield>
          <datafield tag="PPE" ind1="-" ind2="1">
            <subfield code="p">Reinsdorff, Astrid A.-</subfield>
            <subfield code="d">1970-</subfield>
            <subfield code="9">(DE-588)124227589</subfield>
          </datafield>
          <datafield tag="PPE" ind1="-" ind2="1">
            <subfield code="p">Reinsdorff, A. A.-</subfield>
            <subfield code="d">1970-</subfield>
            <subfield code="9">(DE-588)124227589</subfield>
          </datafield>
          <datafield tag="PPE" ind1="-" ind2="1">
            <subfield code="p">Reinsdorff, A.</subfield>
            <subfield code="d">1970-</subfield>
            <subfield code="9">(DE-588)124227589</subfield>
          </datafield>
          <datafield tag="PKO" ind1="-" ind2="1">
            <subfield code="k">Arbeitsgemeinschaft IT-Recht</subfield>
            <subfield code="9">(DE-588)1067272690</subfield>
          </datafield>
          <datafield tag="PKO" ind1="-" ind2="1">
            <subfield code="k">Arbeitsgemeinschaft IT-Recht im Deutschen Anwaltverein</subfield>
            <subfield code="9">(DE-588)1067272690</subfield>
          </datafield>
          <datafield tag="PKO" ind1="-" ind2="1">
            <subfield code="k">Arbeitsgemeinschaft IT-Recht im DAV</subfield>
            <subfield code="9">(DE-588)1067272690</subfield>
          </datafield>
          <datafield tag="PKO" ind1="-" ind2="1">
            <subfield code="k">davit</subfield>
            <subfield code="9">(DE-588)1067272690</subfield>
          </datafield>
          <datafield tag="PKO" ind1="-" ind2="1">
            <subfield code="k">Arbeitsgemeinschaft IT-Recht</subfield>
            <subfield code="9">(DE-588)1067272690</subfield>
          </datafield>
          <datafield tag="PKO" ind1="-" ind2="1">
            <subfield code="k">Arbeitsgemeinschaft IT-Recht im Deutschen Anwaltverein</subfield>
            <subfield code="9">(DE-588)1067272690</subfield>
          </datafield>
          <datafield tag="PKO" ind1="-" ind2="1">
            <subfield code="k">Arbeitsgemeinschaft IT-Recht im DAV</subfield>
            <subfield code="9">(DE-588)1067272690</subfield>
          </datafield>
          <datafield tag="PKO" ind1="-" ind2="1">
            <subfield code="k">davit</subfield>
            <subfield code="9">(DE-588)1067272690</subfield>
          </datafield>
          <datafield tag="PPE" ind1="-" ind2="1">
            <subfield code="p">Reinsdorff, Astrid Auer-</subfield>
            <subfield code="d">1970-</subfield>
            <subfield code="9">(DE-588)124227589</subfield>
          </datafield>
          <datafield tag="PPE" ind1="-" ind2="1">
            <subfield code="p">Auer-Reinsdorff, A.</subfield>
            <subfield code="d">1970-</subfield>
            <subfield code="9">(DE-588)124227589</subfield>
          </datafield>
          <datafield tag="PPE" ind1="-" ind2="1">
            <subfield code="p">Reinsdorff, Astrid A.-</subfield>
            <subfield code="d">1970-</subfield>
            <subfield code="9">(DE-588)124227589</subfield>
          </datafield>
          <datafield tag="PPE" ind1="-" ind2="1">
            <subfield code="p">Reinsdorff, A. A.-</subfield>
            <subfield code="d">1970-</subfield>
            <subfield code="9">(DE-588)124227589</subfield>
          </datafield>
          <datafield tag="PPE" ind1="-" ind2="1">
            <subfield code="p">Reinsdorff, A.</subfield>
            <subfield code="d">1970-</subfield>
            <subfield code="9">(DE-588)124227589</subfield>
          </datafield>
          <datafield tag="700" ind1=" " ind2=" ">
            <subfield code="a">QSG</subfield>
          </datafield>
          <datafield tag="OWN" ind1=" " ind2=" ">
            <subfield code="a">P0001</subfield>
            <subfield code="n">466 - Paderborn: UB</subfield>
          </datafield>
          <datafield tag="LOC" ind1=" " ind2=" ">
            <subfield code="m">BOOK</subfield>
            <subfield code="a">P0001</subfield>
            <subfield code="b">31</subfield>
            <subfield code="d">QSG3270(2)+1</subfield>
            <subfield code="i">16/180</subfield>
            <subfield code="n">43</subfield>
            <subfield code="k">20160106</subfield>
            <subfield code="5">1792015-20</subfield>
          </datafield>
          <datafield tag="LOC" ind1=" " ind2=" ">
            <subfield code="m">BOOK</subfield>
            <subfield code="a">P0001</subfield>
            <subfield code="b">38</subfield>
            <subfield code="d">QSG3270(2)</subfield>
            <subfield code="i">16/179</subfield>
            <subfield code="n">38</subfield>
            <subfield code="k">20160106</subfield>
            <subfield code="5">1792015-10</subfield>
          </datafield>
        </record>
      </metadata>
    </record>
  </ListRecords>
</OAI-PMH>
